<?xml version="1.0" encoding="UTF-8"?><record xmlns="http://www.loc.gov/MARC21/slim" xmlns:cinclude="http://apache.org/cocoon/include/1.0" xmlns:zs="http://www.loc.gov/zing/srw/">
  <leader>00456nz  a2200133n  4500</leader>
  <controlfield tag="001">no2011131903</controlfield>
  <controlfield tag="003">DLC</controlfield>
  <controlfield tag="005">20110826075254.0</controlfield>
  <controlfield tag="008">110824n| acannaabn          |n aaa     c</controlfield>
  <datafield tag="010" ind1=" " ind2=" ">
    <subfield code="a">no2011131903</subfield>
  </datafield>
  <datafield tag="035" ind1=" " ind2=" ">
    <subfield code="a">(OCoLC)oca08955065</subfield>
  </datafield>
  <datafield tag="040" ind1=" " ind2=" ">
    <subfield code="a">NjP</subfield>
    <subfield code="b">eng</subfield>
    <subfield code="c">NjP</subfield>
  </datafield>
  <datafield tag="100" ind1="1" ind2=" ">
    <subfield code="a">Arbez, Éric</subfield>
  </datafield>
  <datafield tag="670" ind1=" " ind2=" ">
    <subfield code="a">Le pornithorynque est-il lustré, 2010:</subfield>
    <subfield code="b">t.p. (Éric Arbez) cover flap (artist, lives in Paris; has created copies of master work paintings for use in French films)</subfield>
  </datafield>
</record>